@misc{NINDS,
  author       = {{National Institutes of Neurological Disorders and Stroke}},
  title        = {Parkinson's Disease},
  year         = {2024}
  }

@article{Sveinbjornsdottir,
  title     = {The clinical symptoms of Parkinson's disease},
  author    = {S. Sveinbjornsdottir},
  journal   = {Journal of Neurochemistry},
  volume    = {139},
  number    = {},
  pages     = {318--324},
  year      = {2016},
  publisher = {}
  }

@article{Goetz,
  title     = {Movement Disorder Society-sponsored revision of the Unified Parkinson's Disease Rating Scale (MDS-UPDRS): scale presentation and clinimetric testing results},
  author    = {C. G. Goetz and B. C. Tilley and S. R. Shaftman and G. T. Stebbins and S. Fahn and P. Martinez-Martin and W. Poewe and C. Sampaio and M. B. Stern and R. Dodel and B. Dubois and R. Holloway and J. Jankovic and J. Kulisevsky and A. E. Lang and A. Lees and S. Leurgans and P. A. LeWitt and D. Nyenhuis and C. W. Olanow and O. Rascol and A. Schrag and J. A. Teresi and J. J. van Hilten and N. LaPelle},
  journal   = {Movement disorders : official journal of the Movement Disorder Society},
  volume    = {23},
  number    = {15},
  pages     = {},
  year      = {2008},
  publisher = {}
}

@misc{wiki,
  author       = {{Parkinson’s Disease Research, Education and Clinical Centers}},
  title        = {Schwab and England ADL scale},
  year         = {2019},
  url          = {www.parkinsons.va.gov.},
  note         = {Accessed: 2025-01-29}
}

@article{Bhidayasiri,
  title     = {Parkinson’s Disease: Hoehn and Yahr Scale},
  author    = {R. Bhidayasiri and D. Tarsy},
  journal   = {Movement Disorders: A Video Atlas},
  volume    = {},
  number    = {},
  pages     = {},
  year      = {2012},
  publisher = {Current Clinical Neurology}
}

@article{Khana,
  title     = {A computer vision framework for finger-tapping evaluation in Parkinson’s disease},
  author    = {T. Khana and D. Nyholmc and J. Westina and M. Dougherty},
  journal   = {Artificial Intelligence in Medicine},
  volume    = {60},
  number    = {},
  pages     = {27-40},
  year      = {2014},
  publisher = {}
}

@article{Stamatakis,
  title     = {Finger Tapping Clinimetric Score Prediction in Parkinson’s Disease Using Low-Cost Accelerometers},
  author    = {J. Stamatakis and J. Ambroise and J. Crémers and H. Sharei and V. Delvaux and B. Macq and G. Garraux},
  journal   = {Computational Intelligence and Neuroscience},
  volume    = {2013},
  number    = {},
  pages     = {},
  year      = {2013},
  publisher = {Hindawi Publishing Corporation}
}

@article{Manzanera,
  title     = {Computer Vision for Parkinson’s Disease Evaluation: A Survey on Finger Tapping},
  author    = {Martinez-Manzanera O. and Roosma E. and Beudel M. and Borgemeester R. W. and Van Laar T. and Maurits N. M.},
  journal   = {IEEE transactions on bio-medical engineering},
  volume    = {5},
  number    = {63},
  pages     = {1016--1024},
  year      = {2016},
  publisher = {}
}

@thesis{Zupanic,
  author    = {M. Zupanic},
  title     = {Avtomatsko ocenjevanje testa tapkanja s prsti pri bolnikih s Parkinsonovo boleznijo},
  school    = {Fakulteta za računalništvo in informatiko},
  year      = {2024}
}

@article{Li1,
  title     = {An Automatic Evaluation Method for Parkinson's Dyskinesia Using Finger Tapping Video for Small Samples},
  author    = {Z. Li and I. Kang and M. Cai and X. Liu and Y. Wang and J. Yang},
  journal   = {Jurnal of Medical and Biological Engineering},
  volume    = {42},
  number    = {},
  pages     = {351--363},
  year      = {2022},
  publisher = {}
}

@article{Manzanera,
  title     = {Computer Vision for Parkinson’s Disease Evaluation: A Survey on Finger Tapping},
  author    = {Martinez-Manzanera O. and Roosma E. and Beudel M. and Borgemeester R. W. and Van Laar T. and Maurits N. M.},
  journal   = {IEEE transactions on bio-medical engineering},
  volume    = {5},
  number    = {63},
  pages     = {1016--1024},
  year      = {2016},
  publisher = {}
}

@article{Amo-Salas,
  title     = {A Method for Automatic and Objective Scoring of Bradykinesia Using Orientation Sensors and Classification Algorithms},
  author    = {Amo-Salas J. and Olivares-Gil A. and García-Bustillo Á. and García-García D. and Arnaiz-González Á. and Cubo, E.},
  journal   = {Healthcare},
  volume    = {12},
  number    = {439},
  pages     = {},
  year      = {2024},
  publisher = {}
}

@article{Amprimoa,
  title     = {Deep Learning for hand tracking in Parkinson’s Disease video-based assessment: Current and future perspectives},
  author    = {G. Amprimoa and G. Masi and G. Olmo and Cl. Ferraris},
  journal   = {Artificial Intelligence In Medicine},
  volume    = {},
  number    = {154},
  pages     = {},
  year      = {2024},
  publisher = {}
}

