@article{Jeon,
  title     = {Automatic Classification of Tremor Severity in Parkinson’s Disease Using a Wearable Device},
  author    = {H. Jeon and Lee W. and Park H. and Lee H. J. and Kim S. K. and Kim H. B. and Jeon B. and Park, K. S.},
  journal   = {Sensors},
  volume    = {9},
  number    = {17},
  pages     = {},
  year      = {2017},
  publisher = {}
}

@article{Amo-Salas,
  title     = {A Method for Automatic and Objective Scoring of Bradykinesia Using Orientation Sensors and Classification Algorithms},
  author    = {Amo-Salas J. and Olivares-Gil A. and García-Bustillo Á. and García-García D. and Arnaiz-González Á. and Cubo, E.},
  journal   = {Healthcare},
  volume    = {12},
  number    = {439},
  pages     = {},
  year      = {2024},
  publisher = {}
}

@article{Manzanera,
  title     = {Computer Vision for Parkinson’s Disease Evaluation: A Survey on Finger Tapping},
  author    = {Martinez-Manzanera O. and Roosma E. and Beudel M. and Borgemeester R. W. and Van Laar T. and Maurits N. M.},
  journal   = {IEEE transactions on bio-medical engineering},
  volume    = {5},
  number    = {63},
  pages     = {1016--1024},
  year      = {2016},
  publisher = {}
}

@article{Guarin,
  title     = {Characterizing Disease Progression in Parkinson’s Disease from Videosof the Finger Tapping Test},
  author    = {D. L. Guarín and J. K. Wong and N. R. McFarland and A. Ramirez-Zamora},
  journal   = {IEEE transactions on neural systems and rehabilitation engineering},
  volume    = {32},
  number    = {},
  pages     = {2293--2301},
  year      = {2024},
  publisher = {}
}

@article{Moshkova,
  title     = {Parkinson’s Disease Detection by Using Machine Learning Algorithms and Hand Movement Signal from LeapMotion Sensor},
  author    = {A. Moshkova and A. Samorodov and N. Voinova and A.Volkov and E. Ivanova and E. Fedotova},
  journal   = {},
  volume    = {},
  number    = {},
  pages     = {321--327},
  year      = {2024},
  publisher = {IEEE}
}

@article{Li1,
  title     = {An Automatic Evaluation Method for Parkinson's Dyskinesia Using Finger Tapping Video for Small Samples},
  author    = {Z. Li and I. Kang and M. Cai and X. Liu and Y. Wang and J. Yang},
  journal   = {Jurnal of Medical and Biological Engineering},
  volume    = {42},
  number    = {},
  pages     = {351--363},
  year      = {2022},
  publisher = {}
}

@article{Amprimo,
  title     = {Objective Assessment of the Finger Tapping Task in Parkinson's Disease and Control Subjects using Azure Kinect and Machine Learning},
  author    = {G. Amprimo and I. Rechichi and C. Ferraris and G. Olmo},
  journal   = {IEEE 36th International Symposium on Computer-Based Medical Systems },
  volume    = {},
  number    = {},
  pages     = {640--645},
  year      = {2023},
  publisher = {}
}

@article{Srinivasan,
  title     = {Detection of Parkinson disease using multiclass machine learning approach},
  author    = {S. Srinivasan and P. Ramadass and S. K. Mathivanan and K. P.Selvam and B. D. Shivahare and M. A. Shah},
  journal   = {Scientific Reports},
  volume    = {14},
  number    = {13813},
  pages     = {},
  year      = {2024},
  publisher = {}
}

@article{Govindua2,
  title     = {Early detection of Parkinson’s disease using machine learning},
  author    = {A. Govindua and S. Palwe},
  journal   = {Procedia Computer Science},
  volume    = {218},
  number    = {},
  pages     = {249--261},
  year      = {2023},
  publisher = {}
}

@article{Yang,
  title     = {Deep learning of Parkinson's movement from video, without human-defined measures},
  author    = {J. Yang and S. Williams and D. C. Hogg and J. E. Alty and S. D. Relton},
  journal   = {Journal of the Neurological Sciences},
  volume    = {4463},
  number    = {},
  pages     = {},
  year      = {2024},
  publisher = {}
}

@article{Morinan,
  title     = {Computer vision quanti cation of whole-body Parkinsonian bradykinesia using a large multi-site population},
  author    = {G. Morinan, and Y. Dushin and G. Sarapata and S. Rupprechter and Y. Peng and C. Girges and M. Salazar and C. Milabo and K. Sibley and T. Foltynie and I. Cociasu and L. Ricciardi and F. Baig and F. Morgante and L. A. Leyland and R. S. Weil and R. Gilron and J. O’Keeffe},
  journal   = {NPJ Parkinson's disease},
  volume    = {1},
  number    = {9},
  pages     = {},
  year      = {2023},
  publisher = {}
}

@article{Vignouda,
  title     = {Video-Based Automated Assessment of Movement Parameters Consistent with MDS-UPDRS III in Parkinson’s Disease},
  author    = {G. Vignouda and C. Desjardinsc and Q. Salardainec and M. Monginc and B. Garcinc, and L. Venancea and B. Degos},
  journal   = {Journal of Parkinson’s Disease},
  volume    = {2211--2222},
  number    = {12},
  pages     = {},
  year      = {2022},
  publisher = {}
}

@article{Yu,
  title     = {Clinically Informed Automated Assessment of Finger Tapping Videos in Parkinson’s Disease},
  author    = {T. Yu and K. W. Park and M. J. McKeown and Z. J. Wang},
  journal   = {Sensors},
  volume    = {9149},
  number    = {23},
  pages     = {},
  year      = {2023},
  publisher = {}
}

@article{Amprimoa,
  title     = {Deep Learning for hand tracking in Parkinson’s Disease video-based assessment: Current and future perspectives},
  author    = {G. Amprimoa and G. Masi and G. Olmo and Cl. Ferraris},
  journal   = {Artificial Intelligence In Medicine},
  volume    = {},
  number    = {154},
  pages     = {},
  year      = {2024},
  publisher = {}
}

@article{Guo,
  title     = {Vision-Based Finger Tapping Test in Patients With Parkinson’s Disease via Spatial-Temporal 3D Hand Pose Estimation},
  author    = {Z. Guo and W. Zeng and T. Yu and Y. Xu and Y. Xiao and Z. Cao and X. Cao},
  journal   = {IEEE Journal of bimedical and health informatics},
  volume    = {26},
  number    = {8},
  pages     = {3848--3859},
  year      = {2022},
  publisher = {}
}

@article{Sarapata,
  title     = {Video-Based Activity Recognition for Automated Motor Assessment of Parkinson’s Disease},
  author    = {G. Sarapata and Y. Dushin and G. Morinan and J. Ong and S. Budhdeo and B. Kainz and J. O’Keeffe},
  journal   = {IEEE Journal of bimedical and health informatics},
  volume    = {27},
  number    = {10},
  pages     = {5032--5041},
  year      = {2023},
  publisher = {}
}

@article{Islam,
  title     = {Using AI to measure Parkinson’s disease severity at home},
  author    = {M. S. Islam and W. Rahman and A. Abdelkader and S. Lee and P. T. Yang and J. L. Purks and J. L. Adams and R. B. Schneider and E. R. Dorsey and E. Hoque},
  journal   = {NPJ Parkinson's disease},
  volume    = {156},
  number    = {6},
  pages     = {},
  year      = {2023},
  publisher = {}
}

@article{Li2,
  title     = {Automated assessment of Parkinsonian finger-tapping tests through a vision-based fine-grained classification model},
  author    = {H. Li and X. Shao and C. Zhangc and X. Qian},
  journal   = {Neurocomputing},
  volume    = {441},
  number    = {},
  pages     = {260--271},
  year      = {2021},
  publisher = {}
}

@article{Lu,
  title     = {Quantifying Parkinson’s disease motor severity under uncertainty using MDS-UPDRS videos},
  author    = {"M. Lu and  Q. Zhao and K. L. Poston and E. V. Sullivan and A. Pfefferbaum and M. Shahid and M. Katz and L. M. Kouhsari and K. Schulman and A. Milstein and J. C. Niebles and V. W. Henderson"},
  journal   = {Medical Image Analysis},
  volume    = {73},
  number    = {},
  pages     = {},
  year      = {2021},
  publisher = {}
}
